%% This BibTeX bibliography file was created using BibDesk.
%% http://bibdesk.sourceforge.net/


%% Created for John H. Johnson, Jr. at 2015-09-13 22:27:03 -0400 


%% Saved with string encoding Unicode (UTF-8) 



@misc{terrell_goodquestions_2005,
	Author = {Terrell, Maria and Connelly, Robert and Henderson, David and Strichartz, Robert},
	Date = {2005},
	Date-Added = {2015-09-14 02:26:57 +0000},
	Date-Modified = {2015-09-14 02:26:57 +0000},
	Keywords = {Calculus, Good Questions for calculus},
	Title = {{GoodQuestions} Project},
	Url = {http://www.math.cornell.edu/~GoodQuestions/},
	Urldate = {2015-09-17},
	Bdsk-Url-1 = {http://www.math.cornell.edu/~GoodQuestions/}}

@book{briggs_calculus_2015,
	Author = {Briggs, William and Cochran, Lyle and Gillett, Bernard},
	Date = {2015},
	Edition = {2nd custom for the Ohio State University},
	Isbn = {978-1-269-93919-5},
	Publisher = {Pearson},
	Shorttitle = {Calculus},
	Title = {Calculus for Scientists and Engineers Early Transcendentals}}
