
@book{briggs_calculus_2015,
	edition = {2nd custom for the Ohio State University},
	title = {Calculus for Scientists and Engineers Early Transcendentals},
	isbn = {978-1-269-93919-5},
	shorttitle = {Calculus},
	publisher = {Pearson},
	author = {Briggs, William and Cochran, Lyle and Gillett, Bernard},
	date = {2015}
}